@newspaper{jtgongbao,
  author = {交通运输部},
  title = {2022年交通运输行业发展统计公报},
  journal = {中国交通报},
  date = {2023年06月16日}
}

@standard{jtgstandard,
  institution = {中华人民共和国交通运输部},
  id = {JTG 5210-2018},
  title = {中华人民共和国行业标准--公路技术状况评定标准},
  publisher = {人民交通出版社},
  date = {2019年05月01日},
  address = {北京}
}

@article{dynamic_optim,
  title           = {Criticalassessment of pavement distress segmentation methods},
  author          = {Tsai YC and Kaul V and Mersereau RM},
  journal         = {Journal of transportation engineering},
  volume          = {136},
  number          = {1},
  pages           = {11-19},
  year            = {2010}
}

@article{pavement_deterioration,
  title           = {Pavement deterioration and its causes},
  author          = {Adlinge SS and Gupta AK},
  journal         = {International journal of innovative research and development},
  volume          = {2},
  number          = {4},
  pages           = {437-450},
  year            = {2013}
}

@conference{cracks_density_distribution,
  author = {Wang S and Tang W},
  title = {Pavement crack segmentation algorithm based on local optimal threshold of cracks density distribution},
  year = {2011},
  pages = {298-302},
  booktitle = {International Conference on Intelligent Computing}
}

@article{morphology_method,
  title           = {Morphology-based crack detection for steel slabs},
  author          = {Landstrom A and Thurley M J},
  journal         = {IEEE Journal of selected topics in signal processing},
  volume          = {6},
  number          = {7},
  pages           = {866-875},
  year            = {2012}
}

@conference{canny_detect,
  author = {Zhao H and Qin G and Wang X},
  title = {Improvement of canny algorithm based on pavement edge detection},
  year = {2010},
  pages = {964-967},
  booktitle = {International congress on image and signal processing}
}

@article{k_means_detect,
  title           = {基于机器学习的裂缝检测方法研究},
  author          = {马志丹},
  journal         = {信息通信},
  number          = {11},
  pages           = {25-26},
  year            = {2018}
}

@article{svm_detect,
  title           = {Automatic pavement object detection using superpixel segmentation combined with conditional random field},
  author          = {Sultani W and Mokhtari S and Yun H B},
  journal         = {IEEE Transactions on Intelligent Transportation Systems},
  volume          = {19},
  number          = {7},
  pages           = {2076-2085},
  year            = {2017}
}

@article{forest_detect,
  title           = {Automatic road crack detection using random structured forests},
  author          = {Shi Y and Cui L and Qi Z and et al},
  journal         = {IEEE Transactions on Intelligent Transportation Systems},
  volume          = {17},
  number          = {12},
  pages           = {3434-3445},
  year            = {2016}
}

@article{cnn,
  title           = {Gradient-based Learning applied to document recognition}, 
  author          = {LeCun Y and Bottou L and Bengio Y},
  journal         = {Proceedings of the IEEE},
  volume          = {86},
  number          = {11},
  pages           = {2278-2324},
  year            = {1998}
}

@conference{unet,
  author = {Ronneberger O and Fischer P and Brox T},
  title = {U-Net: Convolutional Networks for Biomedical Image Segmentation},
  year = {2015},
  pages = {234-241},
  booktitle = {Medical image computing and computer-assisted intervention–MICCAI},
  address = {Munich, Germany} 
}
 
@article{smartphone_crackdetect,
  title           = {Road damage detection and classification using deep neural networks with smartphone images}, 
  author          = {Maeda H and Sekimoto Y and Seto T and et al},
  journal         = {Computer‐Aided Civil and Infrastructure Engineering},
  volume          = {33},
  number          = {12},
  pages           = {1127-1141},
  year            = {2018}
}

@thesis{uav_crackdetect,
  author = {袁亚超},
  title = {基于深度学习的路面裂缝检查及全面质量管理方法研究},
  institution = {重庆大学},
  year = {2018},
  pages = {27-43}
}

@conference{crackdetect_yolov2,
  author = {Mandal V and Uong L and Adu-Gyamfi Y},
  title = {Automated road crack detection using deep convolutional neural networks},
  year = {2018},
  pages = {5212-5215},
  booktitle = {IEEE International Conference on Big Data (Big Data)}
}

@thesis{attention_crackdetect,
  author = {谢安东},
  title = {基于深度学习的道路裂缝检测方法研究与应用},
  institution = {浙江大学},
  year = {2023},
  pages = {20-57}
}

@thesis{micro_pc_crackdetect,
  author = {张旭},
  title = {基于计算机视觉的智能化道路裂缝检测系统研究},
  institution = {华中师范大学},
  year = {2020},
  pages = {36-54}
}

@thesis{duikang_crackdetect,
  author = {胡俊芳},
  title = {基于对抗和深度引导网络的路面裂缝检测算法的研究与实现},
  institution = {北京邮电大学},
  year = {2023},
  pages = {27-52}
}

@conference{HOG,
  author = {Dalal N and Triggs B},
  title = {Histograms of oriented gradients for human detection},
  year = {2005},
  pages = {886-893},
  booktitle = {IEEE computer society conference on computer vision and pattern recognition (CVPR'05)}
}

@article{corr_crackdetect,
  title           = {A conditional wasserstein generative adversarial network for pixel-level crack detection using video extracted images}, 
  author          = {Mei Q and Gül M},
  journal         = {CoRR},
  year            = {2019}
}

@article{conv_tower_crackdetect,
  title           = {基于连续注意力机制和卷积金字塔的路面裂缝检测}, 
  author          = {陈良全 and 王彩玲 and 刘华军},
  journal         = {计算机系统应用},
  volume          = {30},
  number          = {08},
  pages           = {249-255},
  year            = {2021}
}


%——————————————————————————————————————————————
@article{wang1999sanwei,
  title = {三维矢量散射积分方程中奇异性分析},
  author = {王浩刚 and 聂在平},
  journal = {电子学报},
  volume = {27},
  number = {12},
  pages = {68 -- 71},
  year = {1999}
}

@conference{liuxf2006,
  author = {Liu, X F and Wang, Bing Zhong and Shao, Wei and Wen Wang},
  title = {A marching-on-in-order scheme for exact attenuation constant extraction of lossy transmission lines},
  year = {2006},
  pages = {527-529},
  address = {Chengdu},
  booktitle = {China-Japan Joint Microwave Conference Proceedings}
}

@book{zhu1973wulixue,
  title = {物理学},
  author = {竺可桢},
  year = {1973},
  address = {北京},
  pages = {56-60},
  publisher = {科学出版社}
}

@thesis{chen2001hao,
  author = {陈念永},
  title = {毫米波细胞生物效应及抗肿瘤研究},
  institution = {电子科技大学},
  year = {2001},
  pages = {50-60},
  address = {成都}
}

@newspaper{gu2012lao,
  author = {顾春},
  title = {牢牢把握稳中求进的总基调},
  journal = {人民日报},
  date = {2012年3月31日}
}

@techreport{feng997he,
  author = {冯西桥},
  title = {核反应堆压力容器的{LBB}分析},
  institution = {清华大学核能技术设计研究院},
  date = {1997年6月25日},
  address = {北京}
}

@patent{xiao2012yi,
  author = {肖珍新},
  title = {一种新型排渣阀调节降温装置},
  date = {2012年4月25日},
  type = {实用新型专利},
  country = {中国},
  id = {ZL201120085830.0}
}

@standard{zhong1994zhong,
  institution = {中华人民共和国国家技术监督局},
  id = {GB3100-3102},
  title = {中华人民共和国国家标准--量与单位},
  publisher = {中国标准出版社},
  date = {1994年11月1日},
  address = {北京}
}

@digital{clerc2010discrete,
  author = {M. Clerc},
  title = {Discrete particle swarm optimization: a fuzzy combinatorial box},
  type = {EB/OL},
  date = {July 16, 2010},
  url = {http://clere.maurice.free.fr/pso/Fuzzy_Discrere_PSO/Fuzzy_DPSO.htm}
}
